@techreport{brosgol2010178c,
  title={DO-178C: A new standard for software safety certification},
  author={Brosgol, Ben and Comar, Cyrille},
  year={2010},
  institution={ADA CORE TECHNOLOGIES NEW YORK NY}
}

@article{leroy2009formally,
  title={A formally verified compiler back-end},
  author={Leroy, Xavier},
  journal={Journal of Automated Reasoning},
  volume={43},
  number={4},
  pages={363--446},
  year={2009},
  publisher={Springer},
  doi = {10.1007/s10817-009-9155-4}
}

@article{shang2017key,
  title={Key translations of the trustworthy compiler {L2C} and its design and implementation},
  author={Shang, S and Gan, YK and Shi, G and Wang, SY and Dong, Y},
  journal={Journal of Software},
  volume={28},
  number={5},
  pages={1233--1246},
  year={2017}
}

@article{kumar2014cakeml,
  title={CakeML: a verified implementation of ML},
  author={Kumar, Ramana and Myreen, Magnus O and Norrish, Michael and Owens, Scott},
  journal={ACM SIGPLAN Notices},
  volume={49},
  number={1},
  pages={179--191},
  year={2014},
  publisher={ACM New York, NY, USA},
  doi = {10.1145/2578855.2535841}
}

@inproceedings{lattner2006introduction,
  title={Introduction to the {LLVM} compiler infrastructure},
  author={Lattner, Chris},
  booktitle={Itanium conference and expo},
  year={2006}
}

@inproceedings{balasubramanian2017system,
  title={System programming in rust: Beyond safety},
  author={Balasubramanian, Abhiram and Baranowski, Marek S and Burtsev, Anton and Panda, Aurojit and Rakamari{\'c}, Zvonimir and Ryzhyk, Leonid},
  booktitle={Proceedings of the 16th Workshop on Hot Topics in Operating Systems},
  pages={156--161},
  year={2017},
  doi = {10.1145/3139645.3139660}
}

@inproceedings{zhang2012swift,
  title={Swift: a register-based {JIT} compiler for embedded {JVM}s},
  author={Zhang, Yuan and Yang, Min and Zhou, Bo and Yang, Zhemin and Zhang, Weihua and Zang, Binyu},
  booktitle={Proceedings of the 8th ACM SIGPLAN/SIGOPS conference on Virtual Execution Environments},
  pages={63--74},
  year={2012},
  doi = {10.1145/2365864.2151035}
}

@book{ssabook,
  author         = {L. Beringer, J. Singer and F. Rastello},
  title          = {Static Single Assignment Book},
  publisher      = {Springer Science \& Business Media},
  year           = {2018}
}

@article{kelsey1995correspondence,
  title={A correspondence between continuation passing style and static single assignment form},
  author={Kelsey, Richard A},
  journal={ACM SIGPLAN Notices},
  volume={30},
  number={3},
  pages={13--22},
  year={1995},
  publisher={ACM New York, NY, USA},
  doi = {10.1145/202530.202532}
}

@inproceedings{bolz2009tracing,
  title={Tracing the meta-level: {PyPy}'s tracing {JIT} compiler},
  author={Bolz, Carl Friedrich and Cuni, Antonio and Fijalkowski, Maciej and Rigo, Armin},
  booktitle={Proceedings of the 4th workshop on the Implementation, Compilation, Optimization of Object-Oriented Languages and Programming Systems},
  pages={18--25},
  year={2009}
}

@article{appel1998ssa,
  title={{SSA} is functional programming},
  author={Appel, Andrew W},
  journal={ACM SIGPLAN Notices},
  volume={33},
  number={4},
  pages={17--20},
  year={1998},
  publisher={ACM New York, NY, USA},
  doi = {10.1145/278283.278285}
}

@article{plotkin1977lcf,
  title={{LCF} considered as a programming language},
  author={Plotkin, Gordon D.},
  journal={Theoretical computer science},
  volume={5},
  number={3},
  pages={223--255},
  year={1977},
  publisher={Elsevier}
}

@book{dowek2010introduction,
  title={Introduction to the theory of programming languages},
  author={Dowek, Gilles and L{\'e}vy, Jean-Jacques},
  year={2010},
  publisher={Springer Science \& Business Media}
}

@article{danvy2007one,
  title={On one-pass {CPS} transformations},
  author={Danvy, Olivier and Millikin, Kevin and Nielsen, Lasse R},
  journal={BRICS Report Series},
  volume={14},
  number={6},
  year={2007}
}

@article{plotkin1975call,
  title={Call-by-name, call-by-value and the $\lambda$-calculus},
  author={Plotkin, Gordon D.},
  journal={Theoretical computer science},
  volume={1},
  number={2},
  pages={125--159},
  year={1975},
  publisher={Elsevier},
  doi = {10.1016/0304-3975(75)90017-1}
}

@article{smith2007ocamllex,
  title={Ocamllex and {Ocamlyacc}},
  author={Smith, Joshua B},
  journal={Practical OCaml},
  pages={193--211},
  year={2007},
  publisher={Springer}
}

@inproceedings{farvardin2020new,
  title={A new backend for {Standard ML of New Jersey}},
  author={Farvardin, Kavon and Reppy, John},
  booktitle={Proceedings of the 32nd Symposium on Implementation and Application of Functional Languages},
  pages={55--66},
  year={2020},
  doi = {10.1145/3462172.3462191}
}

@article{belanger2019certified,
  title={Certified code generation from {CPS to C}},
  author={B{\'e}langer, Olivier Savary and Weaver, Matthew Z and Appel, Andrew W},
  journal={preparation.},
  url={https://www.cs.princeton.edu/\~{}appel/papers/CPStoC.pdf},
  year={2019}
}

@inproceedings{zhao2012formalizing,
  title={Formalizing the {LLVM} intermediate representation for verified program transformations},
  author={Zhao, Jianzhou and Nagarakatte, Santosh and Martin, Milo MK and Zdancewic, Steve},
  booktitle={Proceedings of the 39th annual ACM SIGPLAN-SIGACT symposium on Principles of programming languages},
  pages={427--440},
  year={2012},
  doi = {10.1145/2103621.2103709}
}

@article{zakowski2021modular,
  title={Modular, compositional, and executable formal semantics for {LLVM IR}},
  author={Zakowski, Yannick and Beck, Calvin and Yoon, Irene and Zaichuk, Ilia and Zaliva, Vadim and Zdancewic, Steve},
  journal={Proceedings of the ACM on Programming Languages},
  volume={5},
  number={ICFP},
  pages={1--30},
  year={2021},
  doi = {10.1145/3473572}
}

@inproceedings{kennedy2007compiling,
  title={Compiling with continuations, continued},
  author={Kennedy, Andrew},
  booktitle={Proceedings of the 12th ACM SIGPLAN international conference on Functional programming},
  pages={177--190},
  year={2007},
  doi = {10.1145/1291151.1291179}
}

@phdthesis{dargaye2009verification,
  title={V{\'e}rification formelle d'un compilateur optimisant pour langages fonctionnels},
  author={Dargaye, Zaynah},
  year={2009},
  school={Universit{\'e} Paris-Diderot-Paris VII}
}

@article{zoe-icfp2021,
author = {Paraskevopoulou, Zoe and Li, John M. and Appel, Andrew W.},
title = {Compositional optimizations for {CertiCoq}},
year = {2021},
issue_date = {August 2021},
publisher = {Association for Computing Machinery},
address = {New York, NY, USA},
volume = {5},
number = {ICFP},
journal = {Proc. ACM Program. Lang.},
month = {aug},
articleno = {86},
numpages = {30},
doi = {10.1145/3473591}
}

@InProceedings{wang-esop2016,
author="Wang, Yuting and Nadathur, Gopalan",
editor="Thiemann, Peter",
title="A higher-order abstract syntax approach to verified transformations on functional programs",
booktitle="Programming Languages and Systems",
year="2016",
publisher="Springer Berlin Heidelberg",
address="Berlin, Heidelberg",
pages="752--779",
isbn="978-3-662-49498-1",
doi="10.48550/arXiv.1702.03363"
}

@article{zoe-oopsla2021,
author = {Paraskevopoulou, Zoe and Grover, Anvay},
title = {Compiling with continuations, correctly},
year = {2021},
issue_date = {October 2021},
publisher = {Association for Computing Machinery},
address = {New York, NY, USA},
volume = {5},
number = {OOPSLA},
journal = {Proc. ACM Program. Lang.},
month = {oct},
articleno = {114},
numpages = {29},
doi = {10.1145/3485491}
}

@inproceedings{belanger-cpp2013,
  author    = {Olivier Savary B{\'{e}}langer and
               Stefan Monnier and
               Brigitte Pientka},
  editor    = {Georges Gonthier and
               Michael Norrish},
  title     = {Programming type-Safe transformations using higher-order abstract
               syntax},
  booktitle = {Certified Programs and Proofs - Third International Conference, {CPP}
               2013, Melbourne, {VIC}, Australia, December 11-13, 2013, Proceedings},
  series    = {Lecture Notes in Computer Science},
  volume    = {8307},
  pages     = {243--258},
  publisher = {Springer},
  year      = {2013},
  doi = {10.1007/978-3-319-03545-1_16}
}

@article{compcertssa,
author = {Barthe, Gilles and Demange, Delphine and Pichardie, David},
title = {Formal verification of an {SSA}-based middle-end for {CompCert}},
year = {2014},
issue_date = {March 2014},
publisher = {Association for Computing Machinery},
address = {New York, NY, USA},
volume = {36},
number = {1},
issn = {0164-0925},
journal = {ACM Trans. Program. Lang. Syst.},
month = {mar},
articleno = {4},
numpages = {35},
doi = {10.1145/2579080}
}

@InProceedings{compcertssa-op,
author="Demange, Delphine
and Pichardie, David
and Stefanesco, L{\'e}o",
editor="Franke, Bj{\'o}rn",
title="Verifying fast and sparse {SSA}-based optimizations in {Coq}",
booktitle="Compiler Construction",
year="2015",
publisher="Springer Berlin Heidelberg",
address="Berlin, Heidelberg",
pages="233--252",
isbn="978-3-662-46663-6",
doi="10.1007/978-3-662-46663-6_12"
}

@inproceedings{blazy-cpp2023,
  author    = {Yann Herklotz and
               Delphine Demange and
               Sandrine Blazy},
  editor    = {Robbert Krebbers and
               Dmitriy Traytel and
               Brigitte Pientka and
               Steve Zdancewic},
  title     = {Mechanised Semantics for Gated Static Single Assignment},
  booktitle = {Proceedings of the 12th {ACM} {SIGPLAN} International Conference on
               Certified Programs and Proofs, {CPP} 2023, Boston, {MA}, {USA}, January
               16-17, 2023},
  pages     = {182--196},
  publisher = {{ACM}},
  year      = {2023},
  doi = {10.1145/3573105.3575681}
}

@article{paraskevopoulou2019closure,
  title={Closure conversion is safe for space},
  author={Paraskevopoulou, Zoe and Appel, Andrew W},
  journal={Proceedings of the ACM on Programming Languages},
  volume={3},
  number={ICFP},
  pages={1--29},
  year={2019},
  publisher={ACM New York, NY, USA},
  doi = {10.1145/3341687}
}

@book{church1985calculi,
  title={The calculi of lambda-conversion},
  author={Church, Alonzo},
  number={6},
  year={1985},
  publisher={Princeton University Press}
}

@article{sussman1998scheme,
  title={Scheme: A interpreter for extended lambda calculus},
  author={Sussman, Gerald Jay and Steele Jr, Guy L},
  journal={Higher-Order and Symbolic Computation},
  volume={11},
  number={4},
  pages={405--439},
  year={1998},
  publisher={Springer}
}

@article{hudak1989conception,
  title={Conception, evolution, and application of functional programming languages},
  author={Hudak, Paul},
  journal={ACM Computing Surveys (CSUR)},
  volume={21},
  number={3},
  pages={359--411},
  year={1989},
  publisher={ACM New York, NY, USA}
}

@book{o2008real,
  title={Real world haskell: Code you can believe in},
  author={O'Sullivan, Bryan and Goerzen, John and Stewart, Donald Bruce},
  year={2008},
  publisher={" O'Reilly Media, Inc."}
}

@book{cesarini2009erlang,
  title={Erlang programming: a concurrent approach to software development},
  author={Cesarini, Francesco and Thompson, Simon},
  year={2009},
  publisher={" O'Reilly Media, Inc."}
}

@article{odersky2014unifying,
  title={Unifying functional and object-oriented programming with scala},
  author={Odersky, Martin and Rompf, Tiark},
  journal={Communications of the ACM},
  volume={57},
  number={4},
  pages={76--86},
  year={2014},
  publisher={ACM New York, NY, USA}
}

@book{chlipala2022certified,
  title={Certified programming with dependent types: a pragmatic introduction to the Coq proof assistant},
  author={Chlipala, Adam},
  year={2022},
  publisher={MIT Press}
}

@inproceedings{callanan2007extending,
  title={Extending GCC with modular GIMPLE optimizations},
  author={Callanan, Sean and Dean, Daniel J and Zadok, Erez},
  booktitle={Proceedings of the 2007 GCC Developers’ Summit},
  pages={31--37},
  year={2007},
  organization={Citeseer}
}

@book{thai2003net,
  title={.NET framework essentials},
  author={Thai, Thuan L and Lam, Hoang},
  year={2003},
  publisher={" O'Reilly Media, Inc."}
}

@inproceedings{jiang2019towards,
  title={Towards certified separate compilation for concurrent programs},
  author={Jiang, Hanru and Liang, Hongjin and Xiao, Siyang and Zha, Junpeng and Feng, Xinyu},
  booktitle={Proceedings of the 40th ACM SIGPLAN Conference on Programming Language Design and Implementation},
  pages={111--125},
  year={2019}
}

@phdthesis{dargaye2009verification,
  title={V{\'e}rification formelle d'un compilateur optimisant pour langages fonctionnels},
  author={Dargaye, Zaynah},
  year={2009},
  school={Universit{\'e} Paris-Diderot-Paris VII}
}

@inproceedings{csmith2011,
author = {Yang, Xuejun and Chen, Yang and Eide, Eric and Regehr, John},
title = {Finding and Understanding Bugs in C Compilers},
year = {2011},
isbn = {9781450306638},
publisher = {Association for Computing Machinery},
address = {New York, NY, USA},
url = {https://doi.org/10.1145/1993498.1993532},
doi = {10.1145/1993498.1993532},
booktitle = {Proceedings of the 32nd ACM SIGPLAN Conference on Programming Language Design and Implementation},
pages = {283–294},
location = {San Jose, California, USA}
}

